% Encoding: UTF-8



@Book{Barbosa2004,
  author    = {Carlos Barbosa and {Maria da} Silva Cardoso and {Tenitos da} Silva and Carminda Soares},
  title     = {Testando a utiliza{\c c}\~ao de ``et al.''},
  year      = {2004},
  edition   = {2},
  publisher = {Editora},
  address   = {Cidade},
  page      = {5},
  timestamp = {2014.09.24},
}
{NBR6023:2002,
  title        = {{NBR} 6023},
  year         = {2002},
  subtitle     = {Informa{\c c}\~ao e documenta{\c c}\~ao --- Refer\^encias --- Elabora{\c c}\~ao},
  organization = {Associa{\c c}\~ao Brasileira de Normas T\'ecnicas},
%  pages        = {24},
  address      = {Rio de Janeiro},
  month        = {ago.},
  org-short    = {ABNT},
  timestamp    = {2014.09.27},
}

@WWW{ibge2016,
  author = {{IBGE}},
  editor = {IBGE},
  title  = {{Instituto Brasileiro de Geografia e Estat\'istica -- Censos Demogr\'aficos 2000 e 2010}},
  year   = {2016},
  url    = {http://www.sidra.ibge.gov.br},
  note   = {accessed 15-03-2018},
}


@article{fowler1993environmental,
  title={{Environmental impact assessment in Brazil}},
  author={Fowler, Harold G and De Aguiar, Ana Maria Dias},
  journal={Environmental Impact Assessment Review},
  volume={13},
  number={3},
  pages={169--176},
  year={1993},
  publisher={Elsevier}
}

@article{grimmond2007urbanization,
  title={Urbanization and global environmental change: local effects of urban warming},
  author={Grimmond, Sue UE},
  journal={Geographical Journal},
  volume={173},
  number={1},
  pages={83--88},
  year={2007},
  publisher={Wiley Online Library}
}

@article{nobre2011mudanccas,
  title={Mudan{\c{c}}as clim{\'a}ticas e desertifica{\c{c}}{\~a}o: os desafios para o Estado Brasileiro},
  author={Nobre, Paulo and others},
  journal={Desertifica{\c{c}}{\~a}o e mudan{\c{c}}as clim{\'a}ticas no semi{\'a}rido brasileiro. Campina Grande: INSA-PB},
  pages={25--36},
  year={2011}
}


@book{texbook,
  author = {Donald E. Knuth},
  year = {1986},
  title = {The {\TeX} Book},
  publisher = {Addison-Wesley Professional},
  address = {Nowhere}
}


@book{latex2e,
  author = {Leslie Lamport},
  year = {1994},
  title = {{\LaTeX}: a Document Preparation System},
  publisher = {Addison Wesley},
  address = {Massachusetts},
  edition = {2}
}
{latexCompanion,
  author = {Frank Mittelbach and Michel Gossens
            and Johannes Braams and David Carlisle
            and Chris Rowley},
  year = {2004},
  title = {The {\LaTeX} Companion},
  publisher = {Addison-Wesley Professional},
  address = {Californication}
  edition = {2}
}


@article{knuth:1984,
  title={Literate Programming},
  author={Donald E. Knuth},
  journal={The Computer Journal},
  volume={27},
  number={2},
  pages={97--111},
  year={1984},
  publisher={Oxford University Press}
}

@Book{AntonBivensDavis2007,
  author    = {Anton, H. and Bivens, I. and Davis, S.},
  title     = {Cálculo},
  year      = {2007},
  edition   = {8},
  publisher = {Bookman},
  address   = {Porto Alegre},
}

@Book{AntonBusby2006,
  author    = {Anton, H. and Busby, R. C.},
  title     = {Álgebra linear contemporânea},
  year      = {2006},
  publisher = {Bookman},
  address   = {Porto Alegre},
}

@Book{AntonRorres2012,
  author    = {Anton, H. and Rorres, C.},
  title     = {Álgebra linear com aplicações},
  year      = {2012},
  edition   = {10},
  publisher = {Bookman},
  address   = {Porto Alegre},
}

@Book{AtkinsJones2012,
  author    = {Atkins, P. and Jones, L.},
  title     = {Princípios de química},
  year      = {2012},
  subtitle  = {questionando a vida moderna e o meio ambiente},
  edition   = {5},
  publisher = {Bookman},
  address   = {Porto Alegre},
}

@Book{AtkinsPaula2014,
  author    = {Atkins, P. and Paula, J.},
  title     = {Físico-química},
  year      = {2014},
  edition   = {9},
  publisher = {LTC},
  address   = {Rio de Janeiro},
}

@Book{AzevedoFernandes2015,
  author    = {Azevedo{ }Netto, J. M. and Fern{\'a}ndez, M. F.},
  title     = {Manual de hidráulica},
  year      = {2015},
  edition   = {9},
  publisher = {Blucher},
  address   = {São Paulo},
}

@Book{BairdCann2011,
  author    = {Baird, C. and Cann, M.},
  title     = {Química ambiental},
  year      = {2011},
  edition   = {4},
  publisher = {Bookman},
  address   = {Porto Alegre},
}

@Book{BaptistaEA2014,
  author    = {Márcio Benedito Baptista and Márcia Maria Lara Pinto Coelho and José Almir Cirilo and Flávio César Borba Mascarenhas and Gilberto Valente Canali and Jaime J. S. P. Cabral and José Roberto Gonçalves de Azevedo and Suzana M. G. L. Montenegro},
  title     = {Hidráulica aplicada},
  year      = {2014},
  edition   = {2 rev. e ampli.},
  publisher = {ABRH},
  address   = {Porto Alegre},
}

@Book{BergmanEA2015,
  author    = {Bergman, T. L. and Lavine, A. and Incropera, F. and DeWitt, D. P.},
  title     = {Fundamentos de transferência de calor e de massa},
  year      = {2015},
  edition   = {7},
  publisher = {LTC},
  address   = {Rio de Janeiro},
}

@Book{BielenkiBarbassa2012,
  author    = {Bielenki{ }J{\'u}nior, C. and Barbassa, A. P.},
  title     = {Geoprocessamento e recursos hídricos},
  year      = {2012},
  subtitle  = {aplicações práticas},
  publisher = {EDUFSCAR},
  address   = {São Carlos},
}

@Book{BirdEA2014,
  author    = {Bird, R. B. and Stewart, W. E. and Lightfoot, E. N.},
  title     = {Fenômenos de transporte},
  year      = {2014},
  edition   = {2},
  publisher = {LTC},
  address   = {Rio de Janeiro},
}

@Book{Botelho2021,
  author    = {Botelho, M. H. C.},
  title     = {Águas de chuva},
  year      = {2011},
  subtitle  = {engenharia das águas pluviais nas cidades},
  edition   = {3},
  publisher = {Blucher},
  address   = {rev. e ampli. São Paulo},
}

@Book{BoyceDiprima2015,
  author    = {Boyce, W. E. and Diprima, R. C.},
  title     = {Equações diferenciais elementares e problemas de valores de contorno},
  year      = {2015},
  edition   = {10},
  publisher = {LTC},
  address   = {Rio de Janeiro},
}

@Book{BrandaoEA2012,
  author    = {Brand{\~a}o, V. S. and Roberto Avelino Cec{\'i}lio and Fernando Falco Pruski and Demetrius david da Silva},
  title     = {Infiltração da água no solo},
  year      = {2012},
  edition   = {3},
  publisher = {UFV},
  address   = {atual. e ampli. Viçosa},
}

@Article{CostaAndrade2022,
  author  = {Costa, Hedinene and Andrade, Daniel Fonseca},
  title   = {As pesquisas no Parque Estadual Cunhambebe com destaque para a Educação Ambiental e o patrimônio histórico e cultural: resultados de uma revisão sistemática integrativa.},
  journal = {Revista Brasileira de Educação Ambiental},
  year    = {2022},
  volume  = {17},
  number  = {1},
}

@Comment{jabref-meta: databaseType:biblatex;}
